<?xml version="1.0" encoding="UTF-8"?><collection xmlns="http://www.loc.gov/MARC21/slim"><record><leader>00407nam--2200145-i-4500</leader><controlfield tag="001">000039995</controlfield><controlfield tag="002">20161230</controlfield><controlfield tag="005">20170103230043</controlfield><controlfield tag="008">060222s1000------------r-----000-0-eng-d</controlfield><datafield ind1=" " ind2=" " tag="080"><subfield code="a">614.6</subfield></datafield><datafield ind1=" " ind2=" " tag="245"><subfield code="a">Safe Handling Of Cadavers Containing Radioactive Isotopes N.B.S.Handbook 56</subfield></datafield><datafield ind1=" " ind2=" " tag="260"><subfield code="a">Washington</subfield><subfield code="b">U.S. Departement of Commerce</subfield><subfield code="c">1953</subfield></datafield><datafield ind1=" " ind2=" " tag="300"><subfield code="a">15 p</subfield></datafield><datafield ind1=" " ind2=" " tag="852"><subfield code="a">10799</subfield></datafield><datafield ind1=" " ind2=" " tag="CAT"><subfield code="a">SYS</subfield><subfield code="c">20170103</subfield><subfield code="h">230043</subfield></datafield></record></collection>